% Encoding: UTF-8

@InProceedings{Chan13_ICCD,
  author    = {Wei-Ting J. Chan and Andrew B. Kahng and Seokhyeong Kang and Rakesh Kumar and John Sartori},
  title     = {Statistical Analysis and Modeling for Error Composition in Approximate Computation Circuits},
  booktitle = {the 31st International Conference on Computer Design (ICCD)},
  year      = {2013},
}

@InProceedings{Sengupta15_ICCAD,
  author    = {Deepashree Sengupta and Sachin. S. Sapatnekar},
  title     = {FEMTO: Fast error analysis in Multipliers through Topological Traversal},
  booktitle = {2015 IEEE/ACM International Conference on Computer-Aided Design (ICCAD)},
  year      = {2015},
  pages     = {294-299},
  month     = {Nov},
  doi       = {10.1109/ICCAD.2015.7372583},
  keywords  = {adders;error analysis;logic design;FEMTO algorithm;Monte Carlo simulation;approximate computing;circuit design technique;error analysis techniques;error-resilient applications;fast error analysis in multipliers through topological traversal;Adders;Approximation methods;Arrays;Error analysis;Monte Carlo methods;Random variables;Silicon},
}

@InProceedings{Liu15_ASP-DAC,
  author    = {Chang Liu and Xinghua Yang and Fei Qiao and Qi Wei and Huazhong Yang},
  title     = {Design methodology for approximate accumulator based on statistical error model},
  booktitle = {the 20th Asia and South Pacific Design Automation Conference (ASP-DAC)},
  year      = {2015},
}

@InProceedings{Lee16_ISQED,
  author    = {Seogoo Lee and Dongwook Lee and Kyungtae Han and Emily Shriver and Lizy K. John and Andreas Gerstlauer},
  title     = {Statistical quality modeling of approximate hardware},
  booktitle = {the 17th Intl. Symposium on Quality Electronic Design (ISQED)},
  year      = {2016},
}

@InProceedings{Li15_DAC,
  author    = {Chaofan Li and Wei Luo and S. S. Sapatnekar and Jiang Hu},
  title     = {Joint precision optimization and high level synthesis for approximate computing},
  booktitle = {the 52nd Design Automation Conference (DAC)},
  year      = {2015},
}

@InProceedings{Huang12_DAC,
  author    = {Huang, Jiawei and Lach, John and Robins, Gabriel},
  title     = {A Methodology for Energy-quality Tradeoff Using Imprecise Hardware},
  booktitle = {the 49th Design Automation Conference (DAC)},
  year      = {2012},
}

@InProceedings{Kapare16_ICCAD,
  author    = {Kapare, Amrut and Cherupalli, Hari and Sartori, John},
  title     = {Automated Error Prediction for Approximate Sequential Circuits},
  booktitle = {the 35th Intl. Conference on Computer-Aided Design (ICCAD)},
  year      = {2016},
}

@InProceedings{Roy15_CASES,
  author    = {Pooja Roy and Jianxing Wang and Weng Fai Wong},
  title     = {PAC: Program Analysis for Approximation-aware Compilation},
  booktitle = {2015 International Conference on Compilers, Architecture and Synthesis for Embedded Systems (CASES)},
  year      = {2015},
  pages     = {69-78},
  month     = {Oct},
  doi       = {10.1109/CASES.2015.7324547},
  keywords  = {program compilers;program testing;quality of service;PAC;QoS;compiler framework;program analysis for approximation aware compilation;program testing;quality-of-service;Accuracy;Adders;Algorithm design and analysis;Approximation methods;Mathematical model;Quality of service;Runtime;Approximate Computing;Code Generation;Program Analysis},
}

@Article{Liu15_IEEE-TC,
  author  = {Cong Liu and Jie Han and Fabrizio Lombardi},
  title   = {An Analytical Framework for Evaluating the Error Characteristics of Approximate Adders},
  journal = {IEEE Transactions on Computers (TC)},
  year    = {2015},
}

@InProceedings{Shafique15_DAC,
  author    = {Muhammad Shafique and Waqas Ahmad and Rehan Hafiz and J\"{o}rg Henkel},
  title     = {A low latency generic accuracy configurable adder},
  booktitle = {the 52nd Design Automation Conference (DAC)},
  year      = {2015},
}

@Article{Mazahir17_IEEE-TC,
  author  = {Sana Mazahir and Osman Hasan and Rehan Hafiz and Muhammad Shafique and J\"{o}rg Henkel},
  title   = {Probabilistic Error Modeling for Approximate Adders},
  journal = {IEEE Transactions on Computers (TC)},
  year    = {2017},
  month   = {March},
}

@Article{Xu16_IEEE-DT,
  author  = {Q. Xu and T. Mytkowicz and N. S. Kim},
  title   = {Approximate Computing: A Survey},
  journal = {IEEE Design \& Test},
  year    = {2016},
  volume  = {33},
  number  = {1},
  month   = {Feb},
}

@InProceedings{Chandrasekharan16_DAC,
  author    = {Chandrasekharan, Arun and Soeken, Mathias and Gro{\ss}e, Daniel and Drechsler, Rolf},
  title     = {Precise Error Determination of Approximated Components in Sequential Circuits with Model Checking},
  booktitle = {Proceedings of the 53rd Annual Design Automation Conference},
  year      = {2016},
  series    = {DAC '16},
  pages     = {129:1--129:6},
  address   = {New York, NY, USA},
  publisher = {ACM},
  acmid     = {2898069},
  articleno = {129},
  doi       = {10.1145/2897937.2898069},
  isbn      = {978-1-4503-4236-0},
  location  = {Austin, Texas},
  numpages  = {6},
}

@InProceedings{Shafique16_DAC,
  author    = {Shafique, Muhammad and Hafiz, Rehan and Rehman, Semeen and El-Harouni, Walaa and Henkel, J\"{o}rg},
  title     = {Invited - Cross-layer Approximate Computing: From Logic to Architectures},
  booktitle = {the 53rd Design Automation Conference (DAC)},
  year      = {2016},
}

@InProceedings{Huang11_SELSE,
  author    = {Jiawei Huang and John Lach and Gabriel Robins},
  title     = {Analytic Error Modeling for Imprecise Arithmetic Circuits},
  booktitle = {Silicon Errors in Logic - System Effects},
  year      = {2011},
}

@InProceedings{Esmaeilzadeh12_MICRO,
  author    = {Hadi Esmaeilzadeh and Adrian Sampson and Luis Ceze and Doug Burger},
  title     = {Neural Acceleration for General-Purpose Approximate Programs},
  booktitle = {the 45th Intl. Symposium on Microarchitecture (MICRO)},
  year      = {2012},
}

@InProceedings{Moreau15_HPCA,
  author    = {Thierry Moreau and Mark Wyse and Jacob Nelson and Adrian Sampson and Hadi Esmaeilzadeh and Luis Ceze and Mark Oskin},
  title     = {SNNAP: Approximate computing on programmable SoCs via neural acceleration},
  booktitle = {the 21st International Symposium on High Performance Computer Architecture (HPCA)},
  year      = {2015},
}

@InProceedings{Mazahir16_DAC,
  author    = {Mazahir, Sana and Hasan, Osman and Hafiz, Rehan and Shafique, Muhammad and Henkel, J\"{o}rg},
  title     = {An Area-efficient Consolidated Configurable Error Correction for Approximate Hardware Accelerators},
  booktitle = {the 53rd Design Automation Conference (DAC)},
  year      = {2016},
}

@InProceedings{Jiang15_GLSVLSI,
  author    = {Jiang, Honglan and Han, Jie and Lombardi, Fabrizio},
  title     = {A Comparative Review and Evaluation of Approximate Adders},
  booktitle = {the GLSVLSI},
  year      = {2015},
}

@InProceedings{Jiang16_NANOARCH,
  author    = {Honglan Jiang and Cong Liu and Naman Maheshwari and Fabrizio Lombardi and Jie Han},
  title     = {A comparative evaluation of approximate multipliers},
  booktitle = {the Intl. Symposium on Nanoscale Architectures (NANOARCH)},
  year      = {2016},
}

@Article{Liang13_TC,
  author  = {Jinghang Liang and Jie Han and Fabrizio Lombardi},
  title   = {New Metrics for the Reliability of Approximate and Probabilistic Adders},
  journal = {IEEE Transactions on Computers (TC)},
  year    = {2013},
  month   = {Sept},
}

@InProceedings{Zhu09_ISIC,
  author    = {Zhu, Ning and Goh, Wang Ling and Yeo, Kiat Seng},
  title     = {An enhanced low-power high-speed Adder For Error-Tolerant application},
  booktitle = {the 12th International Symposium on Integrated Circuits (ISIC)},
  year      = {2009},
}

@InProceedings{Kahng12_DAC,
  author    = {Kahng, Andrew B. and Kang, Seokhyeong},
  title     = {Accuracy-configurable adder for approximate arithmetic designs},
  booktitle = {the 49th Design Automation Conference (DAC)},
  year      = {2012},
}

@InProceedings{Ye13_ICCAD,
  author    = {Rong Ye and Ting Wang and Feng Yuan and Rakesh Kumar and Qiang Xu},
  title     = {On reconfiguration-oriented approximate adder design and its application},
  booktitle = {the Intl. Conference on Computer-Aided Design (ICCAD)},
  year      = {2013},
}

@InProceedings{Verma08_DATE,
  author    = {Ajay. K. Verma and Philip Brisk and Paolo Ienne},
  title     = {Variable Latency Speculative Addition: A New Paradigm for Arithmetic Circuit Design},
  booktitle = {the Design, Automation and Test in Europe (DATE)},
  year      = {2008},
}

@Article{Gupta13_IEEE-TCAD,
  author  = {Vaibhav Gupta and Debabrata Mohapatra and Anand Raghunathan and Kaushik Roy},
  title   = {Low-Power Digital Signal Processing Using Approximate Adders},
  journal = {IEEE Transactions on Computer-Aided Design of Integrated Circuits and Systems (TCAD)},
  year    = {2013},
  month   = {Jan},
}

@InProceedings{Ayub17_DAC,
  author    = {Ayub, Muhammad Kamran and Hasan, Osman and Shafique, Muhammad},
  title     = {Statistical Error Analysis for Low Power Approximate Adders},
  booktitle = {the 54rd Design Automation Conference (DAC)},
  year      = {2017},
}

@Article{Mazahir17_IEEE-TC2,
  author  = {Sana Mazahir and Osman Hasan and Rehan Hafiz and Muhammad Shafique},
  title   = {Probabilistic Error Analysis of Approximate Recursive Multipliers},
  journal = {IEEE Transactions on Computers (TC)},
  year    = {2017},
}

@Book{Sedgewick11,
  title     = {Algorithms},
  publisher = {Addison-Wesley},
  year      = {2011},
  author    = {Robert Sedgewick and Kevin Wayne},
}

@InProceedings{Lattner04_CGO,
  author    = {Lattner, Chris and Adve, Vikram},
  title     = {{LLVM}: A Compilation Framework for Lifelong Program Analysis \& Transformation},
  booktitle = {CGO},
  year      = {2004},
}

@Comment{jabref-meta: databaseType:bibtex;}
